@article{Park:2006:DSI,
    title = "Discrete Sibson interpolation",
    author = "S. W. Park and L. Linsen and O. Kreylos and J. D. Owens and B. Hamann",
    journal = "IEEE Transactions on Visualization and Computer Graphics",
    volume = "12",
    number = "2",
    month = mar # "\slash " # apr, 
    year = "2006",
    pages = "243--253",
  }
  
@INPROCEEDINGS{Ashdown:2006:DSI, 
author="Ashdown, M. and Okabe, T. and Sato, I. and Sato, Y.", 
booktitle={Computer Vision and Pattern Recognition Workshop, 2006. CVPRW '06. Conference on}, 
title={Robust Content-Dependent Photometric Projector Compensation}, 
year={2006}, 
pages={6-6}, 
keywords={Calibration;Computational modeling;Dynamic range;Image converters;Image generation;Informatics;Photometry;Radiometry;Reflectivity;Robustness}, 
doi={10.1109/CVPRW.2006.172},}

@ARTICLE{Azuma:2001, 
author={Azuma, R. and Baillot, Y. and Behringer, R. and Feiner, S. and Julier, S. and MacIntyre, Blair}, 
journal={Computer Graphics and Applications, IEEE}, 
title={Recent advances in augmented reality}, 
year={2001}, 
volume={21}, 
number={6}, 
pages={34-47}, 
keywords={augmented reality;annotation;augmented reality;complex equipment maintenance;complex equipment repair;error reduction strategies;medical visualization;path planning;registration;Augmented reality;Calibration;Cameras;Head;Laser beams;Lenses;Liquid crystal displays;Optical modulation;Retina;Virtual environment}, 
doi={10.1109/38.963459}, 
ISSN={0272-1716},}

@INPROCEEDINGS{Bimber:2002, 
author={Bimber, O. and Frohlich, B.}, 
booktitle={Mixed and Augmented Reality, 2002. ISMAR 2002. Proceedings. International Symposium on}, 
title={Occlusion shadows: using projected light to generate realistic occlusion effects for view-dependent optical see-through displays}, 
year={2002}, 
pages={186-319}, 
keywords={augmented reality;computer displays;helmet mounted displays;hidden feature removal;rendering (computer graphics);Virtual Showcase display;hardware extension;multi light projector configurations;multi-user environments;projected light;projector-based illumination techniques;real surfaces;realistic occlusion effect generation;rendering techniques;single light projector configurations;single-user environments;view-dependent occlusion shadow projection;view-dependent optical see-through displays;virtual objects;Augmented reality;Computer displays;Computer graphics;Hardware;Lighting control;Mirrors;Optical sensors;Prototypes;Testing;Virtual reality}, 
doi={10.1109/ISMAR.2002.1115088},}

@ARTICLE{Bimber:2005, 
author={Bimber, O. and Emmerling, A. and Klemmer, T.}, 
journal={Computer}, 
title={Embedded entertainment with smart projectors}, 
year={2005}, 
volume={38}, 
number={1}, 
pages={48-55}, 
keywords={computer displays;computer vision;data visualisation;image sensors;intelligent sensors;optical projectors;screens (display);computer display;computer vision;embedded entertainment;projector-based multimedia presentations;smart projectors;video projectors;virtual projection canvas;Calibration;Computer displays;Intelligent sensors;Large screen displays;Liquid crystal displays;Plasma displays;Smart cameras;Solid modeling;Space technology;Surface texture}, 
doi={10.1109/MC.2005.17}, 
ISSN={0018-9162},}

@INPROCEEDINGS{Cakmakci:2004, 
author={Cakmakci, O. and Yonggang Ha and Rolland, J.P.}, 
booktitle={Mixed and Augmented Reality, 2004. ISMAR 2004. Third IEEE and ACM International Symposium on}, 
title={A compact optical see-through head-worn display with occlusion support}, 
year={2004}, 
pages={16-25}, 
keywords={augmented reality;computer graphics;helmet mounted displays;image processing;optics;spatial light modulators;augmented reality display;compact optical see-through head-worn display;computer generated imagery;display hardware;head mounted display;mutual occlusions;occlusion support;optical system design;polarization-based optics;real objects;spatial light modulator;virtual images;virtual objects;Augmented reality;Computer displays;Educational institutions;Hardware;Humans;Image generation;Layout;Optical modulation;Optical sensors;Spatial resolution;augmented reality;display hardware;head mounted display;occlusion;optical system design;spatial light modulator}, 
doi={10.1109/ISMAR.2004.2},}

@ARTICLE{Carmigniani:2011,
year={2011},
issn={1380-7501},
journal={Multimedia Tools and Applications},
volume={51},
number={1},
doi={10.1007/s11042-010-0660-6},
title={Augmented reality technologies, systems and applications},
url={http://dx.doi.org/10.1007/s11042-010-0660-6},
publisher={Springer US},
keywords={Augmented reality; Augmented reality technologies; Augmented reality systems; Augmented reality applications; Augmented reality iphone4; AR; Augmented reality on mobile devices},
author={Carmigniani, Julie and Furht, Borko and Anisetti, Marco and Ceravolo, Paolo and Damiani, Ernesto and Ivkovic, Misa},
pages={341-377},
language={English},
}

@misc{CAT2013,
 author={lindbloom},
  title = {Chromatic Adaptive Transforamtion.},
  howpublished = {\url{http://www.brucelindbloom. com/index.html?	Eqn_ChromAdapt.html}},
  note = {Accessed: 2013-04-23},
  year={2013}
}

@misc{notes2002,
  author = {H. Landis},
  title = {Global Illumination in Production},
  howpublished = {ACM SIGGRAPH 2002 Course \#16 Notes},
  month = {July},
  year = {2002}
}

@misc{Epson2013,
 author ={Epson},
 title = { EPSON Moverio BT-100 - Android Powered Interactive 	Display - Epson America, Inc.},
  howpublished = {\url{http://www.epson.com/cgi-bin/Store/jsp/Moverio/Home.do?BV_UseBVCookie=yes}},
  note = {Accessed: 2013-04-23},
  year={2013}
}

@INPROCEEDINGS{Gabbard:2010, 
author={Gabbard, J.L. and Swan, J.E. and Zedlitz, J. and Winchester, Woodrow W.}, 
booktitle={Virtual Reality Conference (VR), 2010 IEEE}, 
title={More than meets the eye: An engineering study to empirically examine the blending of real and virtual color spaces}, 
year={2010}, 
pages={79-86}, 
keywords={augmented reality;colour vision;user interfaces;color blending;color encoding;color perception;natural lighting condition;optical see-through augmented reality display;outdoor lighting conditions;real color spaces;real-world background;semantic interpretation;user interface elements;virtual color spaces;Augmented reality;Biomedical optical imaging;Displays;Encoding;Optical design;Rendering (computer graphics);Testing;Usability;User interfaces;Visualization;Color Perception;Optical See-through Display;Outdoor Augmented Reality;User Interface Design}, 
doi={10.1109/VR.2010.5444808}, 
ISSN={1087-8270},}

@INPROCEEDINGS{Grossberg:2004, 
author={Grossberg, M.D. and Peri, H. and Nayar, S.K. and Belhumeur, P.N.}, 
booktitle={Computer Vision and Pattern Recognition, 2004. CVPR 2004. Proceedings of the 2004 IEEE Computer Society Conference on}, 
title={Making one object look like another: controlling appearance using a projector-camera system}, 
year={2004}, 
volume={1}, 
pages={I-452-I-459 Vol.1}, 
keywords={calibration;cameras;compensation;image colour analysis;image matching;image texture;optical projectors;3D object;adaptive camouflage;compensation image;entertainment;environmental lighting;interactive education;nonlinear response;objects appearance control;objects reflectance;offline radio metric calibration;product design;projector camera system;spectral responses;Calibration;Cameras;Color;Computer displays;Computer science;Control systems;Lighting;Product design;Radiometry;Reflectivity}, 
doi={10.1109/CVPR.2004.1315067}, 
ISSN={1063-6919},}

@misc{Lenovo2013,
author={Lenovo},
title = {Lenovo S800:Full phone specifications},
 howpublished = {\url{http://www.gsmarena.com/lenovo_s800-4862.php.}},
  note = {Accessed: 2013-04-23},
  year={2013}
}



@inproceedings{Heer:2012 ,
 author = {Heer, Jeffrey and Stone, Maureen},
 title = {Color naming models for color selection, image editing and palette design},
 booktitle = {Proceedings of the SIGCHI Conference on Human Factors in Computing Systems},
 series = {CHI '12},
 year = {2012},
 isbn = {978-1-4503-1015-4},
 location = {Austin, Texas, USA},
 pages = {1007--1016},
 numpages = {10},
 url = {http://doi.acm.org/10.1145/2207676.2208547},
 doi = {10.1145/2207676.2208547},
 acmid = {2208547},
 publisher = {ACM},
 address = {New York, NY, USA},
 keywords = {color modeling, color names, image editing, palette design, perception, visualization},}


@inproceedings{Hong:2001 ,
author = {Hong, Guowei and Luo, M. Ronnier and Rhodes, Peter A.},
title = {A study of digital camera colorimetric characterization based on polynomial modeling},
journal = {Color Research and Application},
volume = {26},
number = {1},
publisher = {John Wiley and Sons, Inc.},
issn = {1520-6378},
url = {http://dx.doi.org/10.1002/1520-6378(200102)26:1<76::AID-COL8>3.0.CO;2-3},
doi = {10.1002/1520-6378(200102)26:1<76::AID-COL8>3.0.CO;2-3},
pages = {76--84},
keywords = {camera characterization, camera calibration, device characterization, colour management},
year = {2001},
}

@INPROCEEDINGS{Inami:2000, 
author={Inami, M. and Kawakami, N. and Sekiguchi, D. and Yanagida, Y. and Maeda, T. and Tachi, S.}, 
booktitle={Virtual Reality, 2000. Proceedings. IEEE}, 
title={Visuo-haptic display using head-mounted projector}, 
year={2000}, 
pages={233-240}, 
keywords={augmented reality;computer displays;ergonomics;haptic interfaces;helmet mounted displays;image registration;optical projectors;Crystal Vision;HMP-model 2;X'tal Vision optics;augmented reality;eye accommodation;eye convergence;eye fatigue;feel;head-mounted projector;occlusion relationship;optical camouflage;stereoscopic virtual object;translucent obstacle objects;virtual object touching;visuo-haptic display;Augmented reality;Convergence;Displays;Fatigue;Haptic interfaces;Holographic optical components;Holography;Imaging phantoms;Optical sensors;Virtual reality}, 
doi={10.1109/VR.2000.840503}, 
ISSN={1087-8270},}

@inproceedings{Kerr:2011,
 author = {Kerr, Steven J. and Rice, Mark D. and Teo, Yinquan and Wan, Marcus and Cheong, Yian Ling and Ng, Jamie and Ng-Thamrin, Lillian and Thura-Myo, Thant and Wren, Dominic},
 title = {Wearable mobile augmented reality: evaluating outdoor user experience},
 booktitle = {Proceedings of the 10th International Conference on Virtual Reality Continuum and Its Applications in Industry},
 series = {VRCAI '11},
 year = {2011},
 isbn = {978-1-4503-1060-4},
 location = {Hong Kong, China},
 pages = {209--216},
 numpages = {8},
 url = {http://doi.acm.org/10.1145/2087756.2087786},
 doi = {10.1145/2087756.2087786},
 acmid = {2087786},
 publisher = {ACM},
 address = {New York, NY, USA},
 keywords = {augmented reality, field study, see-through monocular HMD, usability, user experience}, }
 

@inproceedings{Kiyokawa:2003,
 author = {Kiyokawa, Kiyoshi and Billinghurst, Mark and Campbell, Bruce and Woods, Eric},
 title = {An Occlusion-Capable Optical See-through Head Mount Display for Supporting Co-located Collaboration},
 booktitle = {Proceedings of the 2nd IEEE/ACM International Symposium on Mixed and Augmented Reality},
 series = {ISMAR '03},
 year = {2003},
 isbn = {0-7695-2006-5},
 pages = {133--},
 url = {http://dl.acm.org/citation.cfm?id=946248.946788},
 acmid = {946788},
 publisher = {IEEE Computer Society},
 address = {Washington, DC, USA},
 }

@article{Kiyokawa:2001,
title = "An optical see-through display for mutual occlusion with a real-time stereovision system ",
journal = "Computers and Graphics ",
volume = "25",
number = "5",
pages = "765 - 779",
year = "2001",
note = "<ce:title>Mixed realities - beyond conventions</ce:title> ",
issn = "0097-8493",
doi = "http://dx.doi.org/10.1016/S0097-8493(01)00119-4",
url = "http://www.sciencedirect.com/science/article/pii/S0097849301001194",
author = "Kiyoshi Kiyokawa and Yoshinori Kurata and Hiroyuki Ohno",
keywords = "Augmented reality",
keywords = "Mixed reality",
keywords = "Optical see-through display",
keywords = "Mutual occlusion",
keywords = "Real-time depth sensing "
}

@inproceedings{Kiyokawa:2002,
 author = {Kiyokawa, Kiyoshi and Ohno, Hiroyuki and Kurata, Yoshinori},
 title = {Occlusive optical see-through displays in a collaborative setup},
 booktitle = {ACM SIGGRAPH 2002 conference abstracts and applications},
 series = {SIGGRAPH '02},
 year = {2002},
 isbn = {1-58113-525-4},
 location = {San Antonio, Texas},
 pages = {74--74},
 numpages = {1},
 url = {http://doi.acm.org/10.1145/1242073.1242109},
 doi = {10.1145/1242073.1242109},
 acmid = {1242109},
 publisher = {ACM},
 address = {New York, NY, USA},
}

@INPROCEEDINGS{Kruijff:2010, 
author={Kruijff, E. and Swan, J.E. and Feiner, S.}, 
booktitle={Mixed and Augmented Reality (ISMAR), 2010 9th IEEE International Symposium on}, 
title={Perceptual issues in augmented reality revisited}, 
year={2010}, 
pages={3-12}, 
keywords={virtual reality;visual perception;augmented reality;interpretation pipeline;perceptual issues;visual processing;Adaptive optics;Cameras;Image color analysis;Lenses;Lighting;Object segmentation;Visualization;Human perception;augmented reality;handheld devices;mobile computing}, 
doi={10.1109/ISMAR.2010.5643530},}

@inproceedings{Leykin:2004,
 author = {Leykin, Alex and Tuceryan, Mihran},
 title = {Automatic Determination of Text Readability over Textured Backgrounds for Augmented Reality Systems},
 booktitle = {Proceedings of the 3rd IEEE/ACM International Symposium on Mixed and Augmented Reality},
 series = {ISMAR '04},
 year = {2004},
 isbn = {0-7695-2191-6},
 pages = {224--230},
 numpages = {7},
 url = {http://dx.doi.org/10.1109/ISMAR.2004.22},
 doi = {10.1109/ISMAR.2004.22},
 acmid = {1033719},
 publisher = {IEEE Computer Society},
 address = {Washington, DC, USA},
}

@ARTICLE{Mahy:1994,
author = {M Mahy and L Van Eycken  and A Oosterlinck  },
title = {Evaluation of uniform colour spaces developed after the adoption of CIELAB and CIELUV},
journal = {Color Research and Application},
volume = {19},
number = {2},
publisher = {John Wiley and Sons, Inc.},
issn = {0361-2317},
url = {https://lirias.kuleuven.be/handle/123456789/71963},
pages = {105--121},
year = {1994},
}

@ARTICLE{McCamy:1976,
author = {McCamy, C. S.and Marcus, H. and Davidson, J. G.},
title = {A Color-Rendition Chart},
journal = {Journal of Applied Photographic Engineering},
volume = {2},
number = {3},
url = {http://www.cis.rit.edu/~cnspci/references/mccamy1976.pdf},
pages = {95--99},
year = {1976},
}

@INPROCEEDINGS{Menk:2011, 
author={Menk, C. and Koch, R.}, 
booktitle={Mixed and Augmented Reality (ISMAR), 2011 10th IEEE International Symposium on}, 
title={Interactive visualization technique for truthful color reproduction in spatial augmented reality applications}, 
year={2011}, 
pages={157-164}, 
keywords={Dynamic range;Equations;Image color analysis;Materials;Table lookup;Three dimensional displays;Visualization}, 
doi={10.1109/ISMAR.2011.6092381},}

@INPROCEEDINGS{Mitsunaga:1999, 
author={Mitsunaga, T. and Nayar, S.K.}, 
booktitle={Computer Vision and Pattern Recognition, 1999. IEEE Computer Society Conference on.}, 
title={Radiometric self calibration}, 
year={1999}, 
volume={1}, 
pages={-380 Vol. 1}, 
keywords={calibration;computer vision;video cameras;F-number settings;aperture setting;arbitrary scene;exposure ratios;imaging system;noisy synthetic images;radiometric response function;radiometric self calibration;response function;rough estimates;shutter speed;temporal scene variations;video cameras;vignetting effects;Apertures;Calibration;Cameras;Dynamic range;Fuses;Layout;Lenses;Radiometry;Robustness;Testing}, 
doi={10.1109/CVPR.1999.786966}, 
ISSN={1063-6919},}

@INPROCEEDINGS{Nayar:2003,
    author = {Shree K. Nayar and Harish Peri and Michael D. Grossberg and Peter N. Belhumeur},
    title = {A projection system with radiometric compensation for screen imperfections},
    booktitle = {},
    year = {2003}}

@ARTICLE{Noda:1999,
author = {S. Noda and Y. Ban and K. Sato and K. Chihara},
title = {An Optical See-Through Mixed Reality Display with Realtime Rangefinder and an Active Pattern Light Source.},
journal = {Transactions of the Virtual Reality Society of Japan},
volume = {4},
number = {4},
url = {http://sciencelinks.jp/j-east/article200009/000020000900A0155578.php},
pages = {665-670},
year = {1999},
}

@ARTICLE{Pingel:2005,
author = {Pingel, T. J. and Clarke, K. C.},
title = {Assessing the usability of a wearable computer system for outdoor pedestrian navigation.},
journal = {Autocarto},
year = {2005},
}

@ARTICLE{Sekuler:1992,
author = {Sekuler, A.B. and Palmer, S.E.},
title = {Perception of partly occluded objects: A microgenetic analysis.},
journal = {Journal of Experimental Psychology},
volume = {121},
number = {1},
url = {http://psycnet.apa.org/journals/xge/121/1/95/},
pages = {95-111},
year = {1992},
}

@article{Susstrunk:2000,
author = {Susstrunk, Sabine E. and Holm, Jack M. and Finlayson, Graham D.},
title = {Chromatic adaptation performance of different RGB sensors},
volume = {},
number = {},
pages = {172-183},
year = {2000},
doi = {10.1117/12.410788},
URL = { + http://dx.doi.org/10.1117/12.410788},
eprint = {}
}

@inproceedings{Tanaka:2008,
 author = {Kohei Tanaka and Yasue Kishino and Masakazu Miyamae and Tsutomu Terada and Shojiro Nishio},
 title = {An information layout method for an optical see-through head mounted display focusing on the viewability},
 booktitle = {Proceedings of the 7th IEEE/ACM International Symposium on Mixed and Augmented Reality},
 series = {ISMAR '08},
 year = {2008},
 isbn = {978-1-4244-2840-3},
 pages = {139--142},
 numpages = {4},
 url = {http://dx.doi.org/10.1109/ISMAR.2008.4637340},
 doi = {10.1109/ISMAR.2008.4637340},
 acmid = {1605361},
 publisher = {IEEE Computer Society},
 address = {Washington, DC, USA},
}


@inproceedings{Weiland:2009,
author={Weiland, Christian and Braun, Anne-Kathrin and Heiden, Wolfgang},
title={Colorimetric and Photometric Compensation for Optical See-Through
Displays},
booktitle={Universal Access in Human-Computer Interaction.},
pages={603--612},
year={2009},
volume={5615}
}


@inproceedings{Zhou:2007,
year={2007},
isbn={978-3-540-73010-1},
booktitle={Technologies for E-Learning and Digital Entertainment},
volume={4469},
series={Lecture Notes in Computer Science},
doi={10.1007/978-3-540-73011-8_8},
title={A Novel Optical See-Through Head-Mounted Display with Occlusion and Intensity Matching Support},
url={http://dx.doi.org/10.1007/978-3-540-73011-8_8},
publisher={Springer Berlin Heidelberg},
keywords={optical see-through HMD; addressable filter; Augmented Reality},
author={Zhou, Ya and Ma, Jin-Tao and Hao, Qun and Wang, Hong and Liu, Xian-Peng},
pages={56-62},}






